<?xml version="1.0" encoding="UTF-8"?>
<?xml-stylesheet type="text/xsl" href="https://www.revistas.usp.br/lib/pkp/xml/oai2.xsl" ?>
<OAI-PMH xmlns="http://www.openarchives.org/OAI/2.0/" xmlns:xsi="http://www.w3.org/2001/XMLSchema-instance" xsi:schemaLocation="http://www.openarchives.org/OAI/2.0/ http://www.openarchives.org/OAI/2.0/OAI-PMH.xsd">
<responseDate>2023-08-07T14:49:51Z</responseDate>
<request verb="ListRecords" metadataPrefix="marcxml" set="actafisiatrica">https://www.revistas.usp.br/actafisiatrica/oai</request>
<ListRecords>
<record>
<header>
<identifier>oai:revistas.usp.br:article/101988</identifier>
<datestamp>2020-07-31T22:18:17Z</datestamp>
<setSpec>actafisiatrica:Art.+Orig.</setSpec>
<setSpec>driver</setSpec>
</header>
<metadata>
<record xmlns="http://www.loc.gov/MARC21/slim" xmlns:xsi="http://www.w3.org/2001/XMLSchema-instance" xsi:schemaLocation="http://www.loc.gov/MARC21/slim http://www.loc.gov/standards/marcxml/schema/MARC21slim.xsd">
<leader>     nmb a2200000Iu 4500</leader>
<controlfield tag="008">"960411 1996                        eng  "</controlfield>
<datafield tag="022" ind1="#" ind2="#">
<subfield code="$a">2317-0190</subfield>
</datafield>
<datafield tag="022" ind1="#" ind2="#">
<subfield code="$a">0104-7795</subfield>
</datafield>
<datafield tag="042" ind1=" " ind2=" ">
<subfield code="a">dc</subfield>
</datafield>
<datafield tag="245" ind1="0" ind2="0">
<subfield code="a">O uso da cinesioterapia no pré e pós-operatório das cirurgias na articulação temporomandibular</subfield>
</datafield>  <datafield tag="720" ind1="1" ind2=" ">
<subfield code="a">Vasconcellos, Henrique Ayres de</subfield>
<subfield code="u">Universidade Estadual do Rio de Janeiro - UERJ</subfield></datafield>
<datafield tag="720" ind1="1" ind2=" ">
<subfield code="a">Campos, Antônio Eduardo de Siqueira</subfield>
<subfield code="u">Universidade Estadual do Rio de Janeiro - UERJ</subfield></datafield>
<datafield tag="520" ind1=" " ind2=" ">
<subfield code="a"> As condições funcionais da articulação temporomandibular (ATM) dependem do seu equilíbrio biomecânico com as estruturas do sistema estomatognático (oclusão dentária, músculos da mastigação) e demais peças músculo-articulares do crânio e da coluna cervical. No atendimento pré e pós-operatório do paciente que sofre cirurgia da ATM, a redução dos desvios funcionais de braço de alavanca, da hipotonia muscular, da contratura dos músculos da cabeça, pescoço e da mastigação facilitam as correções e melhoram a recuperação funcional da ATM com a utilização da cinesioterapia. Temos observado resultados eficientes na recuperação da dinâmica normal e redução do tempo e das seqüelas funcionais ao nível da ATM. </subfield>
</datafield>
<datafield tag="260" ind1=" " ind2=" ">
<subfield code="b">Faculdade de Medicina, Universidade de São Paulo</subfield>
</datafield>
<dataField tag="260" ind1=" " ind2=" ">
<subfield code="c">1996-04-11 00:00:00</subfield>
</dataField>   <datafield tag="856" ind1=" " ind2=" ">
<subfield code="q">application/pdf</subfield>
</datafield>
<datafield tag="856" ind1="4" ind2="0">
<subfield code="u">https://www.revistas.usp.br/actafisiatrica/article/view/101988</subfield>
</datafield>  <datafield tag="786" ind1="0" ind2=" ">
<subfield code="n">Acta Fisiátrica; v. 3 n. 1 (1996)</subfield>
</datafield>  <datafield tag="546" ind1=" " ind2=" ">
<subfield code="a">por</subfield>
</datafield>   <datafield tag="540" ind1=" " ind2=" ">
<subfield code="a">Copyright (c) 1996 Acta Fisiátrica</subfield>
</datafield>
</record>
</metadata>
</record>