
<record>
<header>
<identifier>oai:revistas.usp.br:article/101989</identifier>
<datestamp>2020-07-31T22:18:21Z</datestamp>
<setSpec>actafisiatrica:Art.+Orig.</setSpec>
<setSpec>driver</setSpec>
</header>
<metadata>
<record xmlns="http://www.loc.gov/MARC21/slim" xmlns:xsi="http://www.w3.org/2001/XMLSchema-instance" xsi:schemaLocation="http://www.loc.gov/MARC21/slim http://www.loc.gov/standards/marcxml/schema/MARC21slim.xsd">
<leader>     nmb a2200000Iu 4500</leader>
<controlfield tag="008">"960411 1996                        eng  "</controlfield>
<datafield tag="022" ind1="#" ind2="#">
<subfield code="$a">2317-0190</subfield>
</datafield>
<datafield tag="022" ind1="#" ind2="#">
<subfield code="$a">0104-7795</subfield>
</datafield>
<datafield tag="042" ind1=" " ind2=" ">
<subfield code="a">dc</subfield>
</datafield>
<datafield tag="245" ind1="0" ind2="0">
<subfield code="a">Interferência do alinhamento na performance biomecânica do joelho durante a marcha em pacientes com osteoartrite</subfield>
</datafield>  <datafield tag="720" ind1="1" ind2=" ">
<subfield code="a">Teixeira, Luci Fuscaldi</subfield>
<subfield code="u">Universidade Federal de Minas Gerais - UFMG</subfield></datafield>
<datafield tag="720" ind1="1" ind2=" ">
<subfield code="a">Olney, Sandra Jean</subfield>
<subfield code="u">Queen’s University</subfield></datafield>
<datafield tag="520" ind1=" " ind2=" ">
<subfield code="a"> Onze pacientes portadores de osteoartrite foram avaliados para investigar a interferência do alinhamento estático obtido através do Raio-X nas medidas cinéticas e cinemáticas da articulação do joelho durante a marcha. Um procedimento radiográfico preciso e padronizado (QPR) foi utilizado para medir o alinhamento estático do membro inferior, e um sistema óptico-eletrônico tridimensional foi utilizado para medir a performance biomecânica do joelho durante a marcha. Correlações entre as medidas angulares estáticas obtidas através do QPR com as medidas angulares dinâmicas e medidas de momentos articulares durante a marcha foram calculadas. Uma correlação significativa foi observada entre os parâmetros radiológicos, ângulos articulares e momentos de força na marcha, sugerindo que existe uma complexa intercalação entre o alinhamento estático, alinhamento dinâmico e medidas cinéticas dinâmicas. Esses achados sugerem que medidas de alinhamento estático associadas com medidas cinéticas e cinemáticas devem ser utilizadas em conjunto para melhor justificar as alterações biomecânicas na articulação do joelho em pacientes com osteoartrite. Dados de alinhamento estático e de medidas dinâmicas obtidas durante a marcha em um grupo de pacientes portadores de osteoartrite moderada do joelho são apresentados. Os achados indicam que as medidas estáticas tanto no plano coronal quanto sagital foram associadas com a intensidade dos momentos de força articulares, ângulos articulares e tempo dos eventos. </subfield>
</datafield>
<datafield tag="260" ind1=" " ind2=" ">
<subfield code="b">Faculdade de Medicina, Universidade de São Paulo</subfield>
</datafield>
<dataField tag="260" ind1=" " ind2=" ">
<subfield code="c">1996-04-11 00:00:00</subfield>
</dataField>   <datafield tag="856" ind1=" " ind2=" ">
<subfield code="q">application/pdf</subfield>
</datafield>
<datafield tag="856" ind1="4" ind2="0">
<subfield code="u">https://www.revistas.usp.br/actafisiatrica/article/view/101989</subfield>
</datafield>  <datafield tag="786" ind1="0" ind2=" ">
<subfield code="n">Acta Fisiátrica; v. 3 n. 1 (1996)</subfield>
</datafield>  <datafield tag="546" ind1=" " ind2=" ">
<subfield code="a">por</subfield>
</datafield>   <datafield tag="540" ind1=" " ind2=" ">
<subfield code="a">Copyright (c) 1996 Acta Fisiátrica</subfield>
</datafield>
</record>
</metadata>
</record>