
<record>
<header>
<identifier>oai:revistas.usp.br:article/101991</identifier>
<datestamp>2020-07-31T22:18:25Z</datestamp>
<setSpec>actafisiatrica:Art.+Orig.</setSpec>
<setSpec>driver</setSpec>
</header>
<metadata>
<record xmlns="http://www.loc.gov/MARC21/slim" xmlns:xsi="http://www.w3.org/2001/XMLSchema-instance" xsi:schemaLocation="http://www.loc.gov/MARC21/slim http://www.loc.gov/standards/marcxml/schema/MARC21slim.xsd">
<leader>     nmb a2200000Iu 4500</leader>
<controlfield tag="008">"960411 1996                        eng  "</controlfield>
<datafield tag="022" ind1="#" ind2="#">
<subfield code="$a">2317-0190</subfield>
</datafield>
<datafield tag="022" ind1="#" ind2="#">
<subfield code="$a">0104-7795</subfield>
</datafield>
<datafield tag="042" ind1=" " ind2=" ">
<subfield code="a">dc</subfield>
</datafield>
<datafield tag="245" ind1="0" ind2="0">
<subfield code="a">Protocolo de avaliação funcional de joelho em patologias ortopédicas</subfield>
</datafield>  <datafield tag="720" ind1="1" ind2=" ">
<subfield code="a">Shinzato, Gilson Tanaka</subfield>
<subfield code="u">Universidade de São Paulo. Faculdade de Medicina</subfield></datafield>
<datafield tag="720" ind1="1" ind2=" ">
<subfield code="a">Vasconcelos, Jeane Cintra Peixoto de</subfield>
<subfield code="u">Universidade de São Paulo. Faculdade de Medicina</subfield></datafield>
<datafield tag="720" ind1="1" ind2=" ">
<subfield code="a">Ogawa, Cristina Tiyomi</subfield>
<subfield code="u">Universidade de São Paulo. Faculdade de Medicina</subfield></datafield>
<datafield tag="720" ind1="1" ind2=" ">
<subfield code="a">Sampaio, Isabel Cristina da Silva Prado</subfield>
<subfield code="u">Universidade de São Paulo. Faculdade de Medicina</subfield></datafield>
<datafield tag="720" ind1="1" ind2=" ">
<subfield code="a">Gonçalves, Adilson</subfield>
<subfield code="u">Universidade de São Paulo. Faculdade de Medicina</subfield></datafield>
<datafield tag="720" ind1="1" ind2=" ">
<subfield code="a">Neves, Elenita Magalhães</subfield>
<subfield code="u">Universidade de São Paulo. Faculdade de Medicina</subfield></datafield>
<datafield tag="520" ind1=" " ind2=" ">
<subfield code="a"> Existe uma grande dificuldade em se estabelecer critérios de progressão funcional nos exercícios de propriocepção e atividades esportivas durante o processo de reabilitação das patologias do joelho, sendo estes critérios ainda mais cruciais nos protocolos de reabilitação acelerada em atletas de alto nível. Para permitir que o atleta inicie o trote, corrida, saltos e retorne aos treinos necessitamos da quantificação de alguns parâmetros de função, como força, potência, resistência e agilidade. Desta forma evitamos os erros que decorrem de uma avaliação exclusivamente subjetiva e baseada em sintomas, ou de medidas totalmente vinculadas à função, como a utilização da medida do perímetro da coxa para inferir a função muscular. </subfield>
</datafield>
<datafield tag="260" ind1=" " ind2=" ">
<subfield code="b">Faculdade de Medicina, Universidade de São Paulo</subfield>
</datafield>
<dataField tag="260" ind1=" " ind2=" ">
<subfield code="c">1996-04-11 00:00:00</subfield>
</dataField>   <datafield tag="856" ind1=" " ind2=" ">
<subfield code="q">application/pdf</subfield>
</datafield>
<datafield tag="856" ind1="4" ind2="0">
<subfield code="u">https://www.revistas.usp.br/actafisiatrica/article/view/101991</subfield>
</datafield>  <datafield tag="786" ind1="0" ind2=" ">
<subfield code="n">Acta Fisiátrica; v. 3 n. 1 (1996)</subfield>
</datafield>  <datafield tag="546" ind1=" " ind2=" ">
<subfield code="a">por</subfield>
</datafield>   <datafield tag="540" ind1=" " ind2=" ">
<subfield code="a">Copyright (c) 1996 Acta Fisiátrica</subfield>
</datafield>
</record>
</metadata>
</record>