
<record>
<header>
<identifier>oai:revistas.usp.br:article/101992</identifier>
<datestamp>2020-07-31T22:18:29Z</datestamp>
<setSpec>actafisiatrica:Pont.+Vista</setSpec>
<setSpec>driver</setSpec>
</header>
<metadata>
<record xmlns="http://www.loc.gov/MARC21/slim" xmlns:xsi="http://www.w3.org/2001/XMLSchema-instance" xsi:schemaLocation="http://www.loc.gov/MARC21/slim http://www.loc.gov/standards/marcxml/schema/MARC21slim.xsd">
<leader>     nmb a2200000Iu 4500</leader>
<controlfield tag="008">"960411 1996                        eng  "</controlfield>
<datafield tag="022" ind1="#" ind2="#">
<subfield code="$a">2317-0190</subfield>
</datafield>
<datafield tag="022" ind1="#" ind2="#">
<subfield code="$a">0104-7795</subfield>
</datafield>
<datafield tag="042" ind1=" " ind2=" ">
<subfield code="a">dc</subfield>
</datafield>
<datafield tag="245" ind1="0" ind2="0">
<subfield code="a">Atividade física e saúde</subfield>
</datafield>  <datafield tag="100" ind1="1" ind2=" ">
<subfield code="a">Santarem, José Maria</subfield>
<subfield code="u">Universidade de São Paulo. Faculdade de Medicina</subfield></datafield>
<datafield tag="520" ind1=" " ind2=" ">
<subfield code="a"> Os profissionais da área médica em geral têm plena consciência de que a saúde das pessoas depende da interação de fatores ambientais com a constituição genética dos indivíduos. No que diz respeito à atividade física, o consenso atual é no sentido de que os exercícios habituais sejam benéficos para a saúde das pessoas. Os efeitos da atividade física reconhecidos como salutares são os que afastam as pessoas de condições estatisticamente relacionadas com a ocorrência de doenças. Os mais importantes são o alívio de tensões emocionais, a normalização dos níveis e do perfil bioquímico das gorduras do sangue, a melhor eficiência do metabolismo glicídico, o estímulo ao aumento da massa muscular, o aumento da massa óssea e a diminuição do tecido adiposo. A evolução dos conhecimentos em fisiologia do esforço tem demonstrado efeitos dos exercícios físicos sobre o sistema endócrino e imunológico que ampliam as possibilidades de utilização profilática e terapêutica da atividade física. A questão da longevidade e sua possível relação com uma vida fisicamente ativa é um aspecto ainda não esclarecido mas que continua sendo bastante estudado. </subfield>
</datafield>
<datafield tag="260" ind1=" " ind2=" ">
<subfield code="b">Faculdade de Medicina, Universidade de São Paulo</subfield>
</datafield>
<dataField tag="260" ind1=" " ind2=" ">
<subfield code="c">1996-04-11 00:00:00</subfield>
</dataField>   <datafield tag="856" ind1=" " ind2=" ">
<subfield code="q">application/pdf</subfield>
</datafield>
<datafield tag="856" ind1="4" ind2="0">
<subfield code="u">https://www.revistas.usp.br/actafisiatrica/article/view/101992</subfield>
</datafield>  <datafield tag="786" ind1="0" ind2=" ">
<subfield code="n">Acta Fisiátrica; v. 3 n. 1 (1996)</subfield>
</datafield>  <datafield tag="546" ind1=" " ind2=" ">
<subfield code="a">por</subfield>
</datafield>   <datafield tag="540" ind1=" " ind2=" ">
<subfield code="a">Copyright (c) 1996 Acta Fisiátrica</subfield>
</datafield>
</record>
</metadata>
</record>