
<record>
<header>
<identifier>oai:revistas.usp.br:article/101999</identifier>
<datestamp>2020-07-31T22:20:28Z</datestamp>
<setSpec>actafisiatrica:Art.+Orig.</setSpec>
<setSpec>driver</setSpec>
</header>
<metadata>
<record xmlns="http://www.loc.gov/MARC21/slim" xmlns:xsi="http://www.w3.org/2001/XMLSchema-instance" xsi:schemaLocation="http://www.loc.gov/MARC21/slim http://www.loc.gov/standards/marcxml/schema/MARC21slim.xsd">
<leader>     nmb a2200000Iu 4500</leader>
<controlfield tag="008">"960818 1996                        eng  "</controlfield>
<datafield tag="022" ind1="#" ind2="#">
<subfield code="$a">2317-0190</subfield>
</datafield>
<datafield tag="022" ind1="#" ind2="#">
<subfield code="$a">0104-7795</subfield>
</datafield>
<datafield tag="042" ind1=" " ind2=" ">
<subfield code="a">dc</subfield>
</datafield>
<datafield tag="245" ind1="0" ind2="0">
<subfield code="a">Comparação de uma forma modificada de DuoDERM (DuoDERM Extra Fino) e um curativo convencional no tratamento de lacerações, abrasões e pequenas lesões cirúrgicas no Departamento de Acidentes e Emergência</subfield>
</datafield>  <datafield tag="720" ind1="1" ind2=" ">
<subfield code="a">Heffernan, A.</subfield>
<subfield code="u">University College Hospital. Accident and Emergency Department</subfield></datafield>
<datafield tag="720" ind1="1" ind2=" ">
<subfield code="a">Martin, A. J.</subfield>
<subfield code="u">University College Hospital. Accident and Emergency Department</subfield></datafield>
<datafield tag="520" ind1=" " ind2=" ">
<subfield code="a"> Um estudo clínico de 96 pacientes comparou um novo curativo hidrocolóide (DuoDERM Extra Fino) com um curativo não aderente (curativo absorvente de película perfurada) no tratamento de lacerações, abrasões e pequenas incisões cirúrgicas no Pronto-Socorro (PS) do Hospital Faculdade da Universidade de Galway. Enquanto que o tempo de cicatrização era semelhante para ambos os grupos, os pacientes que usaram DuoDERM Extra Fino experimentaram menos dor (P &lt; 0,001), necessitaram menos analgesia (P = 0,0154) e puderam desempenhar suas atividades diárias normais incluindo o banho ou chuveiro sem afetar o curativo ou a ferida. A satisfação do paciente com o novo curativo pareceu ser bastante alta, especialmente naqueles pacientes que possuíam um estilo de vida ativo. </subfield>
</datafield>
<datafield tag="260" ind1=" " ind2=" ">
<subfield code="b">Faculdade de Medicina, Universidade de São Paulo</subfield>
</datafield>
<dataField tag="260" ind1=" " ind2=" ">
<subfield code="c">1996-08-18 00:00:00</subfield>
</dataField>   <datafield tag="856" ind1=" " ind2=" ">
<subfield code="q">application/pdf</subfield>
</datafield>
<datafield tag="856" ind1="4" ind2="0">
<subfield code="u">https://www.revistas.usp.br/actafisiatrica/article/view/101999</subfield>
</datafield>  <datafield tag="786" ind1="0" ind2=" ">
<subfield code="n">Acta Fisiátrica; v. 3 n. 2 (1996)</subfield>
</datafield>  <datafield tag="546" ind1=" " ind2=" ">
<subfield code="a">por</subfield>
</datafield>   <datafield tag="540" ind1=" " ind2=" ">
<subfield code="a">Copyright (c) 1996 Acta Fisiátrica</subfield>
</datafield>
</record>
</metadata>
</record>