
<record>
<header>
<identifier>oai:revistas.usp.br:article/102023</identifier>
<datestamp>2020-07-31T22:23:46Z</datestamp>
<setSpec>actafisiatrica:Tend.+Refle.</setSpec>
<setSpec>driver</setSpec>
</header>
<metadata>
<record xmlns="http://www.loc.gov/MARC21/slim" xmlns:xsi="http://www.w3.org/2001/XMLSchema-instance" xsi:schemaLocation="http://www.loc.gov/MARC21/slim http://www.loc.gov/standards/marcxml/schema/MARC21slim.xsd">
<leader>     nmb a2200000Iu 4500</leader>
<controlfield tag="008">"961217 1996                        eng  "</controlfield>
<datafield tag="022" ind1="#" ind2="#">
<subfield code="$a">2317-0190</subfield>
</datafield>
<datafield tag="022" ind1="#" ind2="#">
<subfield code="$a">0104-7795</subfield>
</datafield>
<datafield tag="042" ind1=" " ind2=" ">
<subfield code="a">dc</subfield>
</datafield>
<datafield tag="245" ind1="0" ind2="0">
<subfield code="a">Ciências da atividade física: algumas perguntas</subfield>
</datafield>  <datafield tag="100" ind1="1" ind2=" ">
<subfield code="a">Böhm, György Miklós</subfield>
<subfield code="u">Universidade de São Paulo. Faculdade de Medicina</subfield></datafield>
<datafield tag="520" ind1=" " ind2=" ">
<subfield code="a"> Dois amigos convidaram-me para que desse uma aula. À menção da platéia de pessoas interessadas em atividade física e que gostariam de ouvir algo relacionado de como é que se faz Ciência, eu imediatamente aceitei, diria sem nenhuma hesitação, por um ato reflexo. O responsável por esta imprudência certamente foi o meu tendão esquerdo dos gêmeos, lá onde se incere na tuberosidade do calcâneo, ou seja, o tendão de Aquiles esquerdo. Trata-se de uma parte do meu corpo cronicamente inflamada e que dialoga comigo a toda hora. Existem outras regiões incômodas, metatarso do pé direito, joelho direito, coluna lombar, próstata isto quando não estou com gota ou tromboflebite ! contudo, o tendão é o mais eloqüente e antes que pudesse pensar, refletir seriamente, ele adian-tou-se e respondeu positivamente ao convite. Depois que me despedi dos colegas, ao sentar junto à mesa de trabalho, o tendão deu uma pequena ferroada dizendo: &quot;está vendo? agora agüenta&quot; A palestra começou com uma curta introdução, em que abordei alguns aspectos gerais da Ciência, e, depois, passei à parte central do tema, cujo conteúdo transcrevo. </subfield>
</datafield>
<datafield tag="260" ind1=" " ind2=" ">
<subfield code="b">Faculdade de Medicina, Universidade de São Paulo</subfield>
</datafield>
<dataField tag="260" ind1=" " ind2=" ">
<subfield code="c">1996-12-17 00:00:00</subfield>
</dataField>   <datafield tag="856" ind1=" " ind2=" ">
<subfield code="q">application/pdf</subfield>
</datafield>
<datafield tag="856" ind1="4" ind2="0">
<subfield code="u">https://www.revistas.usp.br/actafisiatrica/article/view/102023</subfield>
</datafield>  <datafield tag="786" ind1="0" ind2=" ">
<subfield code="n">Acta Fisiátrica; v. 3 n. 3 (1996)</subfield>
</datafield>  <datafield tag="546" ind1=" " ind2=" ">
<subfield code="a">por</subfield>
</datafield>   <datafield tag="540" ind1=" " ind2=" ">
<subfield code="a">Copyright (c) 1996 Acta Fisiátrica</subfield>
</datafield>
</record>
</metadata>
</record>