
<record>
<header>
<identifier>oai:revistas.usp.br:article/102031</identifier>
<datestamp>2020-07-31T22:23:57Z</datestamp>
<setSpec>actafisiatrica:Art.+Rev.</setSpec>
<setSpec>driver</setSpec>
</header>
<metadata>
<record xmlns="http://www.loc.gov/MARC21/slim" xmlns:xsi="http://www.w3.org/2001/XMLSchema-instance" xsi:schemaLocation="http://www.loc.gov/MARC21/slim http://www.loc.gov/standards/marcxml/schema/MARC21slim.xsd">
<leader>     nmb a2200000Iu 4500</leader>
<controlfield tag="008">"961217 1996                        eng  "</controlfield>
<datafield tag="022" ind1="#" ind2="#">
<subfield code="$a">2317-0190</subfield>
</datafield>
<datafield tag="022" ind1="#" ind2="#">
<subfield code="$a">0104-7795</subfield>
</datafield>
<datafield tag="042" ind1=" " ind2=" ">
<subfield code="a">dc</subfield>
</datafield>
<datafield tag="245" ind1="0" ind2="0">
<subfield code="a">Distrofia muscular de Becker: relato de caso e revisão de literatura</subfield>
</datafield>  <datafield tag="720" ind1="1" ind2=" ">
<subfield code="a">Gavi, Maria Bernadete Renoldi Oliveira</subfield>
<subfield code="u">Universidade Federal do Espírito Santo - UFES</subfield></datafield>
<datafield tag="720" ind1="1" ind2=" ">
<subfield code="a">Pimentel, Manoel Neves</subfield>
<subfield code="u">Universidade Federal do Espírito Santo - UFES</subfield></datafield>
<datafield tag="720" ind1="1" ind2=" ">
<subfield code="a">Silva, Marcelo Nogueira</subfield>
<subfield code="u">Universidade Federal do Espírito Santo - UFES</subfield></datafield>
<datafield tag="720" ind1="1" ind2=" ">
<subfield code="a">Bortolini, Eliete Rabbi</subfield>
<subfield code="u">Universidade Federal do Espírito Santo - UFES</subfield></datafield>
<datafield tag="720" ind1="1" ind2=" ">
<subfield code="a">Nascimento, Alípio Cesar</subfield>
<subfield code="u">Universidade Federal do Espírito Santo - UFES</subfield></datafield>
<datafield tag="520" ind1=" " ind2=" ">
<subfield code="a"> Distrofias musculares são doenças pouco freqüentes e desconhecidas por alguns médicos. Apresentamos um paciente com diagnóstico de Distrofia Muscular do tipo Becker; em fase avançada da doença, com achados físicos exuberantes, história familiar e patológica pregressa compatíveis e biópsia muscular característica. Embora a analise de DNA não tenha mostrado deleções no gene responsável, o diagnóstico foi confirmado clinicamente. Foram relacionados alguns diagnósticos diferenciais. Comentamos os aspectos terapêuticos. Estas doenças devem ser consideradas em todos os pacientes com queixa de fraqueza muscular; principalmente crianças, tendo em vista a necessidade de aconselhamento fisiátrico e genético precoces. </subfield>
</datafield>
<datafield tag="260" ind1=" " ind2=" ">
<subfield code="b">Faculdade de Medicina, Universidade de São Paulo</subfield>
</datafield>
<dataField tag="260" ind1=" " ind2=" ">
<subfield code="c">1996-12-17 00:00:00</subfield>
</dataField>   <datafield tag="856" ind1=" " ind2=" ">
<subfield code="q">application/pdf</subfield>
</datafield>
<datafield tag="856" ind1="4" ind2="0">
<subfield code="u">https://www.revistas.usp.br/actafisiatrica/article/view/102031</subfield>
</datafield>  <datafield tag="786" ind1="0" ind2=" ">
<subfield code="n">Acta Fisiátrica; v. 3 n. 3 (1996)</subfield>
</datafield>  <datafield tag="546" ind1=" " ind2=" ">
<subfield code="a">por</subfield>
</datafield>   <datafield tag="540" ind1=" " ind2=" ">
<subfield code="a">Copyright (c) 1996 Acta Fisiátrica</subfield>
</datafield>
</record>
</metadata>
</record>