
<record>
<header>
<identifier>oai:revistas.usp.br:article/102032</identifier>
<datestamp>2020-07-31T22:24:02Z</datestamp>
<setSpec>actafisiatrica:Art.+Rev.</setSpec>
<setSpec>driver</setSpec>
</header>
<metadata>
<record xmlns="http://www.loc.gov/MARC21/slim" xmlns:xsi="http://www.w3.org/2001/XMLSchema-instance" xsi:schemaLocation="http://www.loc.gov/MARC21/slim http://www.loc.gov/standards/marcxml/schema/MARC21slim.xsd">
<leader>     nmb a2200000Iu 4500</leader>
<controlfield tag="008">"961217 1996                        eng  "</controlfield>
<datafield tag="022" ind1="#" ind2="#">
<subfield code="$a">2317-0190</subfield>
</datafield>
<datafield tag="022" ind1="#" ind2="#">
<subfield code="$a">0104-7795</subfield>
</datafield>
<datafield tag="042" ind1=" " ind2=" ">
<subfield code="a">dc</subfield>
</datafield>
<datafield tag="245" ind1="0" ind2="0">
<subfield code="a">Análise comparativa dos resultados funcionais obtidos em 100 artroplastias totais do joelho pela fisioterapia convencional isolada ou associada à movimentação passiva contínua</subfield>
</datafield>  <datafield tag="720" ind1="1" ind2=" ">
<subfield code="a">Máximo, Eliane Machado</subfield>
<subfield code="u">Universidade Federal de São Paulo - UNIFESP</subfield></datafield>
<datafield tag="720" ind1="1" ind2=" ">
<subfield code="a">Masiero, Danilo</subfield>
<subfield code="u">Universidade Federal de São Paulo - UNIFESP</subfield></datafield>
<datafield tag="720" ind1="1" ind2=" ">
<subfield code="a">Mestriner, Luiz Aurélio</subfield>
<subfield code="u">Universidade Federal de São Paulo - UNIFESP</subfield></datafield>
<datafield tag="520" ind1=" " ind2=" ">
<subfield code="a"> Estudo prospectivo de 85 pacientes submetidos a 100 artroplastias totais dos joelhos (15 bi laterais) no período compreendido entre junho de 1991 a junho de 1994. Os pacientes foram distribuídos em dois grupos. O grupo I, constituído de 44 pacientes (50 joelhos), foi submetido à fisioterapia convencional isolada e o grupo II de 45 pacientes (50 joelhos) à fisioterapia convencional associada à MPC (movimentação passiva contínua). O objetivo foi estabelecer possíveis diferenças entre os dois tipos de tratamento fisioterápico com relação ao tempo mínimo necessário para atingir 60 graus de flexão, tempo de hospitalização, variação percentual do arco de movimento pré e pós-operatório e condições da ferida operatória. Foi também analisada a evolução do arco de movimento por ocasião da alta hospitalar; e aos três, seis, nove e doze meses. Não houve diferença estatisticamente significante em relação aos parâmetros analisados.     </subfield>
</datafield>
<datafield tag="260" ind1=" " ind2=" ">
<subfield code="b">Faculdade de Medicina, Universidade de São Paulo</subfield>
</datafield>
<dataField tag="260" ind1=" " ind2=" ">
<subfield code="c">1996-12-17 00:00:00</subfield>
</dataField>   <datafield tag="856" ind1=" " ind2=" ">
<subfield code="q">application/pdf</subfield>
</datafield>
<datafield tag="856" ind1="4" ind2="0">
<subfield code="u">https://www.revistas.usp.br/actafisiatrica/article/view/102032</subfield>
</datafield>  <datafield tag="786" ind1="0" ind2=" ">
<subfield code="n">Acta Fisiátrica; v. 3 n. 3 (1996)</subfield>
</datafield>  <datafield tag="546" ind1=" " ind2=" ">
<subfield code="a">por</subfield>
</datafield>   <datafield tag="540" ind1=" " ind2=" ">
<subfield code="a">Copyright (c) 1996 Acta Fisiátrica</subfield>
</datafield>
</record>
</metadata>
</record>