
<record>
<header>
<identifier>oai:revistas.usp.br:article/102054</identifier>
<datestamp>2020-07-31T22:26:47Z</datestamp>
<setSpec>actafisiatrica:Art.+Orig.</setSpec>
<setSpec>driver</setSpec>
</header>
<metadata>
<record xmlns="http://www.loc.gov/MARC21/slim" xmlns:xsi="http://www.w3.org/2001/XMLSchema-instance" xsi:schemaLocation="http://www.loc.gov/MARC21/slim http://www.loc.gov/standards/marcxml/schema/MARC21slim.xsd">
<leader>     nmb a2200000Iu 4500</leader>
<controlfield tag="008">"970417 1997                        eng  "</controlfield>
<datafield tag="022" ind1="#" ind2="#">
<subfield code="$a">2317-0190</subfield>
</datafield>
<datafield tag="022" ind1="#" ind2="#">
<subfield code="$a">0104-7795</subfield>
</datafield>
<datafield tag="042" ind1=" " ind2=" ">
<subfield code="a">dc</subfield>
</datafield>
<datafield tag="245" ind1="0" ind2="0">
<subfield code="a">Avaliação crítica do acompanhamento dos pacientes com bexiga neurogênica e propostas de tratamento</subfield>
</datafield>  <datafield tag="720" ind1="1" ind2=" ">
<subfield code="a">Silva, Cristiane Hernandes da</subfield>
<subfield code="u">Hospital Arapiara</subfield></datafield>
<datafield tag="720" ind1="1" ind2=" ">
<subfield code="a">Borges, Eugênio Dumont de Paiva</subfield>
<subfield code="u">Hospital Arapiara</subfield></datafield>
<datafield tag="520" ind1=" " ind2=" ">
<subfield code="a"> O presente estudo tem por objetivo avaliar como é realizado o acompanhamento dos pacientes com bexiga neurogênica secundária à lesão medular. Foram analisados 37 pacientes, 26 (70,3%) do sexo masculino e 11 (29,7%) do sexo feminino que es tiveram internados no Hospital Arapiara no período de maio/1994 a maio/1995. Apesar das infecções urinárias baixas terem sido freqüentes, não observamos uma grande incidência de outras complicações relacionadas com o trato urinário nesses pacientes. O manejo vesical foi investigado em todos os casos, notamos a importância das manobras de esvaziamento (Tapping, Credé ou Valsalva) e do cateterismo intermitente como forma de prevenir o aparecimento de complicações do trato urinário alto. Diante da pouca sintomatologia desses pacientes, desenvolvemos um protocolo para melhor seguimento e tratamento do lesado medular com bexiga neurogênica. </subfield>
</datafield>
<datafield tag="260" ind1=" " ind2=" ">
<subfield code="b">Faculdade de Medicina, Universidade de São Paulo</subfield>
</datafield>
<dataField tag="260" ind1=" " ind2=" ">
<subfield code="c">1997-04-17 00:00:00</subfield>
</dataField>   <datafield tag="856" ind1=" " ind2=" ">
<subfield code="q">application/pdf</subfield>
</datafield>
<datafield tag="856" ind1="4" ind2="0">
<subfield code="u">https://www.revistas.usp.br/actafisiatrica/article/view/102054</subfield>
</datafield>  <datafield tag="786" ind1="0" ind2=" ">
<subfield code="n">Acta Fisiátrica; v. 4 n. 1 (1997)</subfield>
</datafield>  <datafield tag="546" ind1=" " ind2=" ">
<subfield code="a">por</subfield>
</datafield>   <datafield tag="540" ind1=" " ind2=" ">
<subfield code="a">Copyright (c) 1997 Acta Fisiátrica</subfield>
</datafield>
</record>
</metadata>
</record>