
<record>
<header>
<identifier>oai:revistas.usp.br:article/102063</identifier>
<datestamp>2020-07-31T22:26:58Z</datestamp>
<setSpec>actafisiatrica:Art.+Rev.</setSpec>
<setSpec>driver</setSpec>
</header>
<metadata>
<record xmlns="http://www.loc.gov/MARC21/slim" xmlns:xsi="http://www.w3.org/2001/XMLSchema-instance" xsi:schemaLocation="http://www.loc.gov/MARC21/slim http://www.loc.gov/standards/marcxml/schema/MARC21slim.xsd">
<leader>     nmb a2200000Iu 4500</leader>
<controlfield tag="008">"970417 1997                        eng  "</controlfield>
<datafield tag="022" ind1="#" ind2="#">
<subfield code="$a">2317-0190</subfield>
</datafield>
<datafield tag="022" ind1="#" ind2="#">
<subfield code="$a">0104-7795</subfield>
</datafield>
<datafield tag="042" ind1=" " ind2=" ">
<subfield code="a">dc</subfield>
</datafield>
<datafield tag="245" ind1="0" ind2="0">
<subfield code="a">Dor central em pacientes com traumatismo raquimedular: proposta de um protocolo terapêutico</subfield>
</datafield>  <datafield tag="720" ind1="1" ind2=" ">
<subfield code="a">Nucera, Paulo Alberto</subfield>
<subfield code="u">Associação Brasileira Beneficente de Reabilitação - ABBR</subfield></datafield>
<datafield tag="720" ind1="1" ind2=" ">
<subfield code="a">Baptista, Ana Luiza Marques</subfield>
<subfield code="u">Associação Brasileira Beneficente de Reabilitação - ABBR</subfield></datafield>
<datafield tag="720" ind1="1" ind2=" ">
<subfield code="a">Quintas, Luis Eduardo Menezes</subfield>
<subfield code="u">Universidade Federal do Rio de Janeiro - UFRJ</subfield></datafield>
<datafield tag="720" ind1="1" ind2=" ">
<subfield code="a">Mello, Simone Lino</subfield>
<subfield code="u">Associação Brasileira Beneficente de Reabilitação - ABBR</subfield></datafield>
<datafield tag="520" ind1=" " ind2=" ">
<subfield code="a"> Foram analisados aleatoriamente e escolhidos 28 prontuários da Unidade de Traumatismo Raquimedular (TRM) da Associação Brasileira Beneficente de Reabilitação de maneira retrospectiva, a fim de comparar com a literatura as condutas terapêuticas físicas e farmacológicas utilizadas no tratamento da dor centra l causada por TRM no ano de 1995-1996 com o objetivo de expor dados epidemiológicos gerais e propor um protocolo simplificado de tratamento. Após aplicação de um questionário na forma de entrevista voluntária, os grupos que receberam tratamento físico e farmacológico foram analisados estatisticamente, assim como a resposta clínica de cada método terapêutico. A dor central foi encontrada em 34% dos pacientes. A etiologia principal foi projétil de arma de fogo (53,5%), o nível de lesão mais acometido foi o torácico-baixo (43%) e o tipo de dor mais relatado foi queimor (43% ). A espasticidade foi evidenciada em 64% dos casos, sendo que 71,5% foram submetidos a cirurg ias. Em relação aos tratamentos realizados a amitriptilina, clomipramina, carbamazepina , TENS, cinesioterapia tiveram índices de melhora de 60%, 87,5%, 50%, 80% e 83%, respectivamente. Quanto ao tratamento farmacológico e físico não houve diferença significativa entre os grupos (p &gt; 0,05). Por outro lado, quando a análise foi realizada intragrupo, evidenciamos que apenas a clomipramina apresentou uma resposta clínica estatisticamente comprovada (p &lt; 0,002), provavelmente devido a nossa amostragem limitada (n=28) . Assim, propomos os seguintes protocolos terapêuticos: 1) c1omipramina + TENS + cinesioterapia; (2) amitriptilina + TENS + cinesioterapia; (3) carbamazepina + TENS + cinesioterapia. </subfield>
</datafield>
<datafield tag="260" ind1=" " ind2=" ">
<subfield code="b">Faculdade de Medicina, Universidade de São Paulo</subfield>
</datafield>
<dataField tag="260" ind1=" " ind2=" ">
<subfield code="c">1997-04-17 00:00:00</subfield>
</dataField>   <datafield tag="856" ind1=" " ind2=" ">
<subfield code="q">application/pdf</subfield>
</datafield>
<datafield tag="856" ind1="4" ind2="0">
<subfield code="u">https://www.revistas.usp.br/actafisiatrica/article/view/102063</subfield>
</datafield>  <datafield tag="786" ind1="0" ind2=" ">
<subfield code="n">Acta Fisiátrica; v. 4 n. 1 (1997)</subfield>
</datafield>  <datafield tag="546" ind1=" " ind2=" ">
<subfield code="a">por</subfield>
</datafield>   <datafield tag="540" ind1=" " ind2=" ">
<subfield code="a">Copyright (c) 1997 Acta Fisiátrica</subfield>
</datafield>
</record>
</metadata>
</record>