
<record>
<header>
<identifier>oai:revistas.usp.br:article/102065</identifier>
<datestamp>2020-07-31T22:26:37Z</datestamp>
<setSpec>actafisiatrica:Pont.+Vista</setSpec>
<setSpec>driver</setSpec>
</header>
<metadata>
<record xmlns="http://www.loc.gov/MARC21/slim" xmlns:xsi="http://www.w3.org/2001/XMLSchema-instance" xsi:schemaLocation="http://www.loc.gov/MARC21/slim http://www.loc.gov/standards/marcxml/schema/MARC21slim.xsd">
<leader>     nmb a2200000Iu 4500</leader>
<controlfield tag="008">"970417 1997                        eng  "</controlfield>
<datafield tag="022" ind1="#" ind2="#">
<subfield code="$a">2317-0190</subfield>
</datafield>
<datafield tag="022" ind1="#" ind2="#">
<subfield code="$a">0104-7795</subfield>
</datafield>
<datafield tag="042" ind1=" " ind2=" ">
<subfield code="a">dc</subfield>
</datafield>
<datafield tag="245" ind1="0" ind2="0">
<subfield code="a">A hipoterapia na medicina de reabilitação</subfield>
</datafield>  <datafield tag="100" ind1="1" ind2=" ">
<subfield code="a">Botelho, Luiz Antônio de Arruda</subfield>
<subfield code="u">Universidade Federal de São Paulo - UNIFESP</subfield></datafield>
<datafield tag="520" ind1=" " ind2=" ">
<subfield code="a"> O uso do cavalo com fins terapêuticos, segundo literatura médica européia, iniciou-se por volta de 1735. Em 1950, esses programas se estabeleceram na Inglaterra e logo depois nos outros países europeus. Na Alemanha e na Suíça a montaria vem sendo utilizada como forma de terapia há mais de 20 anos. O Deutsches Kuratorium für Therapeutisches Reiten, centro alemão especializado neste tipo de tratamento forma profissionais hipoterapeutas e edita regularmente a revista Terapeutisches Reiten. Por volta de 1960 foi iniciada a hipoterapia nos Estados Unidos. Em 1969, foi criada a Associação Americana de Hipoterapia para Deficientes, coordenando esforços para divulgar o método naquele país, que conta hoje com mais de 400 programas de hipoterapia. </subfield>
</datafield>
<datafield tag="260" ind1=" " ind2=" ">
<subfield code="b">Faculdade de Medicina, Universidade de São Paulo</subfield>
</datafield>
<dataField tag="260" ind1=" " ind2=" ">
<subfield code="c">1997-04-17 00:00:00</subfield>
</dataField>   <datafield tag="856" ind1=" " ind2=" ">
<subfield code="q">application/pdf</subfield>
</datafield>
<datafield tag="856" ind1="4" ind2="0">
<subfield code="u">https://www.revistas.usp.br/actafisiatrica/article/view/102065</subfield>
</datafield>  <datafield tag="786" ind1="0" ind2=" ">
<subfield code="n">Acta Fisiátrica; v. 4 n. 1 (1997)</subfield>
</datafield>  <datafield tag="546" ind1=" " ind2=" ">
<subfield code="a">por</subfield>
</datafield>   <datafield tag="540" ind1=" " ind2=" ">
<subfield code="a">Copyright (c) 1997 Acta Fisiátrica</subfield>
</datafield>
</record>
</metadata>
</record>
<record>
<header status="deleted">
<identifier>oai:revistas.usp.br:article/102073</identifier>
<datestamp>2016-10-07T18:24:43Z</datestamp>
<setSpec>actafisiatrica:Cart.</setSpec>
</header>
</record>
<resumptionToken expirationDate="2023-08-08T14:49:51Z" completeListSize="935" cursor="25">e2c5845b0c1dba41dec803e6c80584ca</resumptionToken>
</ListRecords>
</OAI-PMH> 